@Article{Sode2011,
  author     = {Miki Sode and Andrew J. Burghardt and Jean-Baptiste Pialat and Thomas M. Link and Sharmila Majumdar},
  journal    = {Bone},
  title      = {Quantitative characterization of subject motion in {HR}-{pQCT} images of the distal radius and tibia},
  year       = {2011},
  month      = {jun},
  number     = {6},
  pages      = {1291--1297},
  volume     = {48},
  abstract   = {propose an objective technique for measuring subject motion based on a
comparison of image similarity measure of the parallelized projections acquired at 0째 and
180째},
  comment    = {-propose an objective technique for measuring subject motion based on a
comparison of image similarity measure of the parallelized projections acquired at 0째 and
180째

Quantitative Motion estimates (QMEs)
-Two similarity measures, the sum of squared intensity difference
(SSD) and normalized cross correlation (NCC) were examined.},
  doi        = {10.1016/j.bone.2011.03.755},
  priority   = {prio1},
  publisher  = {Elsevier {BV}},
  ranking    = {rank4},
  readstatus = {read},
}
