% This file was created with JabRef 2.5.
% Encoding: Cp1252

@BOOK{Abramowitz1964,
  title = {Handbook of Mathematical Functions with Formulas, Graphs, and Mathematical
	Tables},
  publisher = {Dover},
  year = {1964},
  author = {M. Abramowitz and {I. A.} Stegun},
  address = {New York},
  edition = {ninth Dover printing, tenth GPO printing},
  isbn = {0-486-61272-4},
  owner = {knopp},
  timestamp = {2007.12.18}
}

@ARTICLE{Alonso1999,
  author = {A. Alonso},
  title = {A mathematical justification of the low-frequency heterogeneous time-harmonic
	{Maxwell} equations},
  journal = {Math. Models Methods Appl. Sci.},
  year = {1999},
  volume = {9},
  pages = {475--489},
  number = {3},
  owner = {knopp},
  timestamp = {2010.04.06}
}

@ARTICLE{Ammari2000,
  author = {H. Ammari and A. Buffa and {J.-C.} N\'{e}d\'{e}lec},
  title = {A justification of eddy currents model for the {Maxwell} equations},
  journal = {SIAM J. Appl. Math.},
  year = {2000},
  volume = {60},
  pages = {1805--1823},
  number = {5},
  owner = {knopp},
  timestamp = {2010.04.06}
}

@BOOK{lapack,
  title = {{LAPACK} Users' Guide},
  publisher = {SIAM},
  year = {1999},
  author = {E. Anderson and Z. Bai and C. Bischof and S. Blackford and J. Demmel
	and J. Dongarra and J. {Du Croz} and A. Greenbaum and S. Hammarling
	and A. McKenney and D. Sorensen},
  address = {Philadelphia, PA},
  edition = {Third},
  isbn = {0-89871-447-8 (paperback)}
}

@BOOK{Aster2004,
  title = {Parameter Estimation and Inverse Problems},
  publisher = {Academic Press},
  year = {2004},
  author = {{R. C.} Aster and B. Borchers and C. Thurber},
  owner = {knopp},
  timestamp = {2007.12.16}
}

@ARTICLE{Barber1996,
  author = {{C. B.} Barber and {D. P.} Dobkin and {H. T.} Huhdanpaa},
  title = {The Quickhull Algorithm for Convex Hulls},
  journal = {ACM Trans. Math. Software},
  year = {1996},
  volume = {22},
  pages = {469--483}
}

@BOOK{Barton1989,
  title = {Elements of {Green}'s Functions and Propagation},
  publisher = {Oxford University Press},
  year = {1989},
  author = {G. Barton},
  address = {New York},
  owner = {knopp},
  timestamp = {2010.03.11}
}

@ARTICLE{Biederer2009d,
  author = {S. Biederer and T. Knopp and T. F. Sattel and K. L\"udtke-Buzug and
	B. Gleich and J. Weizenecker and J. Borgert and T. M. Buzug},
  title = {Magnetization Response Spectroscopy of Superparamagnetic Nanoparticles
	for Magnetic Particle Imaging},
  journal = {J. Phys. D: Appl. Phys.},
  year = {2009},
  volume = {42},
  pages = {7pp},
  number = {20},
  keywords = {Medical Imaging, MPI, MPS, Tracer},
  owner = {biederer},
  timestamp = {2009.09.01}
}

@INPROCEEDINGS{Biederer2010b,
  author = {S. Biederer and T. Knopp and {T. F.} Sattel and M. Erbe and {T. M.}
	Buzug},
  title = {Improved Estimation of the Magnetic Nanoparticle Diameter with a
	Magnetic Particle Spectrometer and Combined Fields},
  booktitle = {Proc. ISMRM},
  year = {2010},
  pages = {954},
  address = {Stockholm},
  month = {Mai},
  keywords = {Medical Imaging, MPI, MPS},
  owner = {biederer},
  timestamp = {2010.01.27}
}

@INPROCEEDINGS{Biederer2009a,
  author = {S. Biederer and T. Knopp and {T. F.} Sattel and K. Lüdtke-Buzug and
	B. Gleich and J. Weizenecker and J. Borgert and {T. M.} Buzug},
  title = {Estimation of Magnetic Nanoparticle Diameter with a Magnetic Particle
	Spectrometer},
  booktitle = {World Congress on Medical Physics and Biomedical Engineering, Springer
	IFMBE Series},
  year = {2009},
  volume = {25/VIII},
  pages = {61-64},
  address = {Munich},
  month = {September},
  keywords = {Medical Imaging, MPI, MPS, Tracer},
  owner = {Biederer},
  timestamp = {2008.11.23}
}

@INPROCEEDINGS{Biederer2008,
  author = {S. Biederer and T. Sattel and T. Knopp and K. L{\"u}dtke-Buzug and
	B. Gleich and J. Weizenecker and J. Borgert and {T. M.} Buzug},
  title = {A Spectrometer for Magnetic Particle Imaging},
  booktitle = {Proc. 4th European Congress for Medical and Biomedical Engineering,
	Springer IFMBE Series},
  year = {2008},
  volume = {22},
  pages = {2313--2316},
  keywords = {Medical Imaging},
  owner = {knopp},
  timestamp = {2008.01.20}
}

@PATENT{Biederer2009e,
  number = {EP09168367, submitted as european patent},
  year = {2009},
  author = {S. Biederer and T. F. Sattel and T. Knopp and T. M. Buzug},
  title = {Apparatus and method for influencing and/or detecting magnetic particles,
	{EP} 09168367, submitted as european patent},
  owner = {biederer},
  timestamp = {2009.09.15}
}

@INPROCEEDINGS{Biederer2009b,
  author = {S. Biederer and T. F. Sattel and T. Knopp and K. Lüdtke-Buzug and
	B. Gleich and J. Weizenecker and J. Borgert and T. M. Buzug},
  title = {The Influence of the Particle-Size Distribution on the Image Resolution
	in Magnetic Particle Imaging},
  booktitle = {Proc. ESMRMB},
  year = {2009},
  volume = {22},
  number = {Supplement 1},
  pages = {499},
  address = {Antalya},
  month = {October},
  keywords = {Medical Imaging, MPI, MPS},
  owner = {Biederer},
  timestamp = {2008.11.23}
}

@INPROCEEDINGS{Biederer2010a,
  author = {S. Biederer and {T. F.} Sattel and T. Knopp and {T. M.} Buzug},
  title = {{Variable Trajektoriendichte in Magnetic Particle Imaging}},
  booktitle = {Bildverarbeitung für die Medizin},
  year = {2010},
  pages = {6-10},
  address = {Aachen, Springer},
  keywords = {Medical Imaging, MPI, Trajectory},
  owner = {biederer},
  timestamp = {2009.11.07}
}

@INPROCEEDINGS{Biederer2010c,
  author = {S. Biederer and {T. F.} Sattel and T. Knopp and M. Erbe and {T. M.}
	Buzug},
  title = {Improving the Imaging Quality in Magnetic Particle Imaging by a Traveling
	Phase Trajectory},
  booktitle = {Proc. ISMRM},
  year = {2010},
  pages = {3296},
  address = {Stockholm},
  month = {Mai},
  keywords = {Medical Imaging, MPI, Trajectory},
  owner = {biederer},
  timestamp = {2010.01.27}
}

@INPROCEEDINGS{Biederer2010d,
  author = {S. Biederer and {T. F.} Sattel and T. Knopp and M. Erbe and K. L\"udtke-Buzug
	and {F. M.} Vogt and J. Barkhausen and {T. M.} Buzug},
  title = {A Spectrometer to Measure the Usability of Nanoparticles for Magnetic
	Particle Imaging},
  booktitle = {International Workshop on Magnetic Particle Imaging BoA},
  year = {2010},
  volume = {1},
  pages = {20},
  keywords = {Medical Imaging, MPI, MPS, Tracer},
  owner = {biederer},
  timestamp = {2010.04.01}
}

@INPROCEEDINGS{Biederer2009c,
  author = {S. Biederer and F. M. Vogt and K. Lüdtke-Buzug and T. Knopp and T.
	F. Sattel and J. Barkhausen and T. M. Buzug},
  title = {A Study on the Performance of Different Superparamagnetic Iron Oxide
	Particles in Magnetic Particle Imaging},
  booktitle = {Proc. ESMRMB},
  year = {2009},
  volume = {22},
  number = {Supplement 1},
  pages = {709},
  address = {Antalya},
  month = {October},
  keywords = {Medical Imaging, MPI, MPS, Tracer},
  owner = {Biederer},
  timestamp = {2008.11.23}
}

@BOOK{Bj96,
  title = {Numerical Methods for Least Squares Problems},
  publisher = {\textrm{SIAM}},
  year = {1996},
  author = {{\AA}. Bj{\"o}rck},
  address = {Philadelphia, PA},
  optnote = {{\AA}. Bj{\"o}rck},
  owner = {knopp},
  timestamp = {2007.12.16}
}

@INPROCEEDINGS{Bohnert2009,
  author = {J. Bohnert and B. Gleich and J. Weizenecker and J. Borgert and O.
	Doessel},
  title = {Optimizing Coil Currents for reduced SAR in Magnetic Particle Imaging},
  booktitle = {World Congress on Medical Physics and Biomedical Engineering, Springer
	IFMBE Series},
  year = {2009},
  volume = {25/VIII},
  address = {Munich},
  month = {September},
  keywords = {Medical Imaging, MPI, MPS, Tracer},
  owner = {Biederer},
  timestamp = {2008.11.23}
}

@INPROCEEDINGS{Bohnert2008,
  author = {J. Bohnert and B. Gleich and J. Weizenecker and J. Borgert and O.
	Doessel},
  title = {Evaluation of Induced Current Densities and {SAR} in the Human Body
	by Strong Magnetic Fields around 100 {kHz}},
  booktitle = {Proc. 4th European Congress for Medical and Biomedical Engineering,
	Springer IFMBE Series},
  year = {2008},
  volume = {22},
  pages = {2332--2335},
  keywords = {Medical Imaging},
  owner = {knopp},
  timestamp = {2008.01.20}
}

@BOOK{Bossavit1998,
  title = {Computational Electromagnetism, Variational Formulation, Complementarity,
	Edge Elements},
  publisher = {San Diego, CA: Academic Press},
  year = {1998},
  author = {A. Bossavit},
  volume = {vol. 2},
  owner = {knopp},
  timestamp = {2010.04.06}
}

@BOOK{Boyd2001,
  title = {Chebyshev and Fourier Spectral Methods},
  publisher = {Dover},
  year = {2001},
  author = {{J. P.} Boyd},
  address = {New York},
  edition = {second},
  owner = {knopp},
  timestamp = {2009.07.23}
}

@ARTICLE{Bracewell1956,
  author = {{R. N.} Bracewell},
  title = {Strip Integration in Radio Astronomy},
  journal = {Aust. J. Phys.},
  year = {1956},
  volume = {9},
  pages = {198--217},
  owner = {knopp},
  timestamp = {2010.11.08}
}

@ARTICLE{Bracewell1967,
  author = {{R. N.} Bracewell and {A. C.} Riddle},
  title = {Inversion of fan beam scans in radio astronomy},
  year = {1967},
  volume = {150},
  pages = {427-434},
  owner = {knopp},
  timestamp = {2010.11.09}
}

@BOOK{Braess2002,
  title = {{Finite Elemente - Theorie, schnelle Löser und Anwendungen in der
	Elastizitätstheorie}},
  publisher = {Springer},
  year = {2002},
  author = {D. Braess},
  address = {Berlin / Heidelberg},
  owner = {knopp},
  timestamp = {2010.03.11}
}

@BOOK{Bronstein2008,
  title = {Taschenbuch der Mathematik},
  publisher = {Harri Deutsch},
  year = {2008},
  author = {{I. N.} Bronstein and {K. A.} Semendjajew and G. Musiol and H. M\"uhlig},
  address = {Frankfurt am Main},
  owner = {knopp},
  timestamp = {2010.03.24}
}

@ARTICLE{Brown1963a,
  author = {{W. F.} Brown},
  title = {Thermal Fluctuations of a Single-Domain Particle},
  journal = {Phys. Rev.},
  year = {1963},
  volume = {130},
  pages = {1677--1686},
  number = {5},
  owner = {biederer},
  timestamp = {2009.06.30}
}

@ARTICLE{Button1984,
  author = {{K. J.} Button},
  title = {Microwave Ferrite Devices: The First Ten Years},
  journal = {IEEE Trans. Microwave Theory Tech.},
  year = {1984},
  volume = {32},
  pages = {1088-1096},
  number = {9},
  owner = {knopp},
  timestamp = {2009.11.07}
}

@INPROCEEDINGS{Buzug2009a,
  author = {T. M. Buzug and S. Biederer and T. Knopp and T. F. Sattel and K.
	L\"udtke-Buzug},
  title = {Magnetic Particle Imaging -- Challenges and Promises of a new Modality},
  booktitle = {World Congress on Medical Physics and Biomedical Engineering, Springer
	IFMBE Series},
  year = {2009},
  volume = {25/IV},
  pages = {1471-1474},
  address = {Munich},
  month = {September},
  keywords = {Medical Imaging, MPI},
  owner = {Biederer},
  timestamp = {2008.11.23}
}

@BOOK{Buzug2008,
  title = {Computed Tomography: From Photon Statistics to Modern Cone-Beam {CT}},
  publisher = {Springer},
  year = {2008},
  author = {{T. M.} Buzug},
  address = {Berlin / Heidelberg},
  owner = {knopp},
  timestamp = {2009.10.22}
}

@PATENT{Buzug2010a,
  number = {ID 294263, submitted as {US} patent},
  year = {2010},
  author = {{T. M.} Buzug and {T. F.} Sattel and T. Knopp and S. Biederer},
  title = {Apparatus and method for influencing and/or detecting magnetic particles
	in a field of view having an array of single-sided transmit coil
	sets, {ID} 294263, submitted as US patent},
  owner = {biederer},
  timestamp = {2009.09.15}
}

@ARTICLE{Caizer2003,
  author = {C. Caizer},
  title = {{T}$^2$ law for magnetite-based ferrofluids},
  journal = {J. Phys. Condens. Matter},
  year = {2003},
  volume = {15},
  pages = {765--776},
  owner = {knopp},
  timestamp = {2007.12.12}
}

@BOOK{Chikazumi1964,
  title = {Physics of Magnetism},
  publisher = {Wiley},
  year = {1964},
  author = {S. Chikazumi and {S. H.} Charap},
  address = {New York},
  owner = {sattel},
  timestamp = {2008.07.17}
}

@ARTICLE{Craven1979,
  author = {P. Craven and G. Wahba},
  title = {Smoothing noisy data with spline functions},
  journal = {Numer. Math.},
  year = {1979},
  volume = {31},
  pages = {377--403},
  owner = {knopp},
  timestamp = {2008.04.08}
}

@BOOK{Cullity2008a,
  title = {Introduction to Magnetic Materials},
  publisher = {Wiley-IEEE Press},
  year = {2008},
  author = {B. D. Cullity and C. D. Graham},
  address = {Hoboken, New Jersey},
  owner = {biederer},
  timestamp = {2009.07.13}
}

@ARTICLE{Dahnke2005,
  author = {H. Dahnke and T. Schaeffter},
  title = {Limits of detection of {SPIO} at 3.0 {T} using {T}$_2^\star$ relaxometry},
  journal = {Magn. Reson. Med.},
  year = {2005},
  volume = {53},
  pages = {1202--6},
  owner = {knopp},
  timestamp = {2008.04.21}
}

@ARTICLE{Eggers2007b,
  author = {H. Eggers and T. Knopp and D. Potts},
  title = {Field Inhomogeneity Correction based on Gridding Reconstruction for
	Magnetic Resonance Imaging},
  journal = {IEEE Trans. Med. Imaging},
  year = {2007},
  volume = {26},
  pages = {374--384},
  keywords = {Medical Imaging},
  owner = {knopp},
  timestamp = {2008.01.20}
}

@ARTICLE{Eidmann1996,
  author = {G. Eidmann and Savelsberg R. and P. Blumler and B. Blumich},
  title = {The {NMR} {MOUSE}, a Mobile Universal Surface Explorer},
  journal = {J. Magn. Reson., Ser. A},
  year = {1996},
  volume = {122},
  pages = {104--109},
  number = {1},
  month = {September},
  citeseerurl = {http://www.sciencedirect.com/science/article/B6WJY-45MG3TH-2Y/2/daea331631ff9ee32a49f6d394166288},
  owner = {sattel},
  timestamp = {2008.11.05}
}

@ARTICLE{Elsner1991,
  author = {L. Elsner and I. Koltracht and P. Lancaster},
  title = {Convergence properties of {ART} and {SOR} algorithms},
  journal = {Numer. Math.},
  year = {1991},
  volume = {59},
  pages = {91--106},
  number = {1},
  owner = {knopp},
  timestamp = {2007.12.12}
}

@ARTICLE{Feldkamp1984,
  author = {{L. A.} Feldkamp and {L. C.} Davis and {J. W.} Kress},
  title = {Practical Cone-beam Algorithm.},
  journal = {J. Opt. Soc. Am. A},
  year = {1984},
  volume = {1},
  pages = {612--619},
  owner = {knopp},
  timestamp = {2009.11.09}
}

@ARTICLE{Ferguson2009,
  author = {{R. M.} Ferguson and {K. R.} Minard and {K. M.} Krishnan},
  title = {Optimization of nanoparticle core size for magnetic particle imaging},
  journal = {J. Magn. Magn. Mater.},
  year = {2009},
  volume = {321},
  pages = {1548--1551},
  number = {10},
  owner = {knopp},
  timestamp = {2009.11.07}
}

@INPROCEEDINGS{Finas2010a,
  author = {D. Finas and B. Ruhland and K. Baumann and T. Knopp and {T. F.} Sattel
	and S. Biederer and K. L\"udtke-Buzug and {T. M.} Buzug and K. Diedrich},
  title = {Sentinal Lymphnode Detection in Breast Cancer by Magnetic Particle
	Imaging Using Superparamagnetic Nanoparticles},
  booktitle = {International Workshop on Magnetic Particle Imaging BoA},
  year = {2010},
  volume = {1},
  pages = {35},
  keywords = {Medical Imaging, MPI, SELMA},
  owner = {biederer},
  timestamp = {2010.04.01}
}

@ARTICLE{Fischer2008a,
  author = {B. Fischer and J. Modersitzki},
  title = {Ill-posed medicine - An introduction to image registration},
  journal = {Inverse Prob.},
  year = {2008},
  volume = {24},
  pages = {16pp},
  date-added = {2009-05-08 16:33:41 +0200},
  date-modified = {2009-08-12 14:35:21 +0200}
}

@MISC{fftw,
  author = {M. Frigo and {S. G.} Johnson},
  title = {{FFTW, C subroutine library}},
  note = {http://www.fftw.org (May 2010)},
  date-modified = {2005-09-27 16:32:34 +0200},
  optkey = {Matteo Frigo and Steven G. Johnson},
  owner = {knopp},
  timestamp = {2009.10.23}
}

@BOOK{Galassi2004,
  title = {GNU Scientific Library Reference Manual},
  publisher = {Network Theory Ltd},
  year = {2004},
  author = {M. Galassi and J. Davies and J. Theiler and B. Gough and G. Jungman
	and M. Booth and F. Rossi},
  address = {United Kingdom},
  edition = {2},
  owner = {knopp},
  timestamp = {2007.12.16},
  url = {http://www.gnu.org/software/gsl/ (May 2010)}
}

@ARTICLE{Gilbert2004,
  author = {{T. L.} Gilbert},
  title = {A phenomenological theory of damping in ferromagnetic materials},
  journal = {IEEE Trans. Magn.},
  year = {2004},
  volume = {40},
  pages = {3443--3449},
  owner = {knopp},
  timestamp = {2009.03.20}
}

@PATENT{Gleich2001,
  number = {German Patent No. DE-10151778-A1},
  year = {2001},
  author = {B. Gleich},
  title = {{Verfahren zur Ermittlung der r\"aumlichen Verteilung magnetischer
	Partikel}},
  owner = {biederer},
  timestamp = {2009.09.15}
}

@ARTICLE{Gleich2005,
  author = {B. Gleich and J. Weizenecker},
  title = {Tomographic imaging using the nonlinear response of magnetic particles},
  journal = {Nature},
  year = {2005},
  volume = {435},
  pages = {1214--1217},
  number = {7046},
  month = {June},
  owner = {knopp},
  timestamp = {2007.12.12}
}

@ARTICLE{Gleich2008,
  author = {B. Gleich and J. Weizenecker and J. Borgert},
  title = {Experimental results on fast {2D}-encoded magnetic particle imaging},
  journal = {Phys. Med. Biol.},
  year = {2008},
  volume = {53},
  pages = {N81--N84},
  number = {6},
  month = {Mar.},
  owner = {knopp},
  timestamp = {2008.03.14}
}

@BOOK{GoLo89,
  title = {Matrix Computations},
  publisher = {The Johns Hopkins Univ. Press},
  year = {1993},
  author = {{G. H.} Golub and {C. F.} van Loan},
  address = {Baltimore, Maryland},
  edition = {second},
  owner = {knopp},
  timestamp = {2007.12.16}
}

@ARTICLE{Goodwill2009,
  author = {{P. W.} Goodwill and {G. C.} Scott and {P. P.} Stang and {S. M.}
	Conolly},
  title = {Narrowband Magnetic Particle Imaging},
  journal = {IEEE Trans. Med. Imaging},
  year = {2009},
  volume = {28},
  pages = {1231--1237},
  number = {8},
  owner = {knopp},
  timestamp = {2007.12.12}
}

@MISC{hdf5,
  author = {HDF Group},
  title = {{HDF5} (Hierarchical Data Format 5), Software Library and Utilities},
  note = {http://www.hdfgroup.org (May 2010)},
  date-modified = {2005-09-27 16:32:34 +0200},
  optkey = {Matteo Frigo and Steven G. Johnson},
  owner = {knopp},
  timestamp = {2009.10.23}
}

@ARTICLE{Hadamard1902,
  author = {J. Hadamard},
  title = {Sur les probl\`{e}mes aux d\'{e}riv\'{e}es partielles et leur signification
	physique.},
  journal = {Princeton University Bulletin},
  year = {1902},
  pages = {49--52},
  owner = {knopp},
  timestamp = {2009.11.07}
}

@BOOK{Hajnal2001a,
  title = {Medical Image Registration},
  publisher = {CRC Press},
  year = {2001},
  author = {{J. V.} Hajnal and {D. L. G.} Hill and {D. J.} Hawkes},
  address = {Boca Raton, Florida},
  date-added = {2009-02-13 17:58:24 +0100},
  date-modified = {2009-06-28 14:02:37 +0200}
}

@BOOK{Hanke-Bourgeois2006,
  title = {Grundlagen der Numerischen Mathematik und des Wissenschaftlichen
	Rechnens},
  publisher = {Vieweg+Teubner},
  year = {2006},
  author = {M. Hanke-Bourgeois},
  address = {Wiesbaden},
  owner = {knopp},
  timestamp = {2009.11.03}
}

@BOOK{Hansen1998,
  title = {Rank-Deficient and Discrete Ill-Posed Problems},
  publisher = {SIAM},
  year = {1998},
  author = {{P. C.} Hansen},
  address = {Philadelphia, PA},
  owner = {knopp},
  timestamp = {2007.12.16}
}

@ARTICLE{Hansen1986,
  author = {{P. C.} Hansen},
  title = {The truncated {SVD} as a method for regularization},
  journal = {BIT},
  year = {1987},
  volume = {27},
  pages = {543--553},
  owner = {knopp},
  timestamp = {2008.04.08}
}

@ARTICLE{Hansen2007,
  author = {{P. C.} Hansen and {T. K.} Jensen and G. Rodriguez},
  title = {An adaptive pruning algorithm for the discrete {L}-curve criterion},
  journal = {J. Comput. Appl. Math.},
  year = {2007},
  volume = {198},
  pages = {483--492},
  number = {2},
  address = {Amsterdam, The Netherlands, The Netherlands},
  doi = {http://dx.doi.org/10.1016/j.cam.2005.09.026},
  issn = {0377-0427},
  owner = {knopp},
  publisher = {Elsevier Science Publishers B. V.},
  timestamp = {2008.04.08}
}

@ARTICLE{Hansen1993,
  author = {{P. C.} Hansen and {D. P.} O'Leary},
  title = {The use of the {L}-curve in the regularization of discrete ill-posed
	problems},
  journal = {SIAM J. Sci. Comput.},
  year = {1993},
  volume = {14},
  pages = {1487--1503},
  owner = {knopp},
  timestamp = {2008.04.08}
}

@ARTICLE{Hestenes1952,
  author = {{M. R.} Hestenes and E. Stiefel},
  title = {Methods of Conjugate Gradients for Solving Linear Systems},
  journal = {J. Res. Nat. Bur. Stand.},
  year = {1952},
  volume = {49},
  pages = {409--436},
  owner = {knopp},
  timestamp = {2009.10.28}
}

@ARTICLE{Hoge1997,
  author = {R. D. Hoge and R. K. Kwan and G. B. Pike},
  title = {Density compensation functions for spiral {MRI}},
  journal = {Magn. Reson. Med.},
  year = {1997},
  volume = {38},
  pages = {117--128},
  abstract = {In interleaved spiral MRI, an object's Fourier transform is sampled
	along a set of curved trajectories in the spatial frequency domain
	(k-space). An image of the object is then reconstructed, usually
	by interpolating the sampled Fourier data onto a Cartesian grid and
	applying the fast Fourier transform (FFT) algorithm. To obtain accurate
	results, it is necessary to account for the nonuniform density with
	which k-space is sampled. An analytic density compensation function
	(DCF) for spiral MRI, based on the Jacobian determinant for the transformation
	between Cartesian coordinates and the spiral sampling parameters
	of time and interleaf rotation angle, is derived in this paper, and
	the reconstruction accuracy achieved using this function is compared
	with that obtained using several previously published expressions.
	Various nonideal conditions, including intersecting trajectories,
	are considered. The new DCF eliminated intensity cupping that was
	encountered in images reconstructed with other functions, and significantly
	reduced the level of artifact observed when unevenly spaced sampling
	trajectories, such as those achieved with trapezoidal gradient waveforms,
	were employed. Modified forms of this function were found to provide
	similar improvements when intersecting trajectories made the spiral-Cartesian
	transformation noninvertible, and when the shape of the spiral trajectory
	varied between interleaves.},
  keywords = {Humans; Image Processing, Computer-Assisted; Magnetic Resonance Imaging},
  owner = {knopp},
  pmid = {9211387},
  timestamp = {2007.03.11}
}

@ARTICLE{Hoult1969,
  author = {{D. I.} Hoult and {R. E.} Richards},
  title = {The signal-to-noise ratio of the nuclear magnetic resonance experiment},
  journal = {Journal of Magnetic Resonance},
  year = {1969},
  volume = {24},
  pages = {71--85},
  number = {1},
  owner = {knopp},
  timestamp = {2010.11.11}
}

@BOOK{jackson1999,
  title = {Classical Electrodynamics},
  publisher = {Wiley},
  year = {1999},
  author = {{J. D.} Jackson},
  address = {New York / London / Sydney / Toronto},
  owner = {knopp},
  timestamp = {2009.04.23}
}

@BOOK{Jin1998,
  title = {Electromagnetic Analysis and Design in Magnetic Resonance Imaging},
  publisher = {CRC Press},
  year = {1998},
  editor = {Michael R. Neumann},
  author = {J. Jin},
  address = {Boca Raton, Florida},
  journal = {CRC Press},
  owner = {knopp},
  timestamp = {2007.12.12}
}

@ARTICLE{Kaczmarz1937,
  author = {S. Kaczmarz},
  title = {{A}ngen{\"a}herte {A}ufl{\"o}sung von {S}ystemen linearer {G}leichungen},
  journal = {Bull. Internat. Acad. Polon. Sci. Lett.},
  year = {1937},
  volume = {A35},
  pages = {355--357},
  owner = {sattel},
  timestamp = {2008.06.06}
}

@BOOK{Kaden1959,
  title = {Wirbelstr{\"o}me und Schirmung in der Nachrichtentechnik},
  publisher = {Springer},
  year = {1959},
  author = {H. Kaden},
  address = {Berlin / Heidelberg},
  optnote = {{\AA}. Bj{\"o}rck},
  owner = {knopp},
  timestamp = {2007.12.16}
}

@BOOK{Kaipio2005,
  title = {Statistical and computational inverse problems},
  publisher = {Springer},
  year = {2005},
  author = {J. Kaipio and E. Somersalo},
  address = {New York},
  owner = {knopp},
  timestamp = {2007.12.16}
}

@ARTICLE{Kaufman1993,
  author = {L. Kaufman},
  title = {Maximum Likelihood, Least Squares, and Penalized Least Squares for
	{PET}},
  journal = {IEEE Trans. Med. Imaging},
  year = {1993},
  volume = {12},
  pages = {200--214},
  number = {2},
  owner = {knopp},
  timestamp = {2007.12.12}
}

@INPROCEEDINGS{Kaufmann2010a,
  author = {S. Kaufmann and S. Biederer and {T. F.} Sattel and T. Knopp and {T.
	M.} Buzug},
  title = {A Surveillance Unit for Magnetic Particle Imaging},
  booktitle = {International Workshop on Magnetic Particle Imaging BoA},
  year = {2010},
  volume = {1},
  pages = {9},
  keywords = {Medical Imaging, MPI},
  owner = {biederer},
  timestamp = {2010.04.01}
}

@ARTICLE{Kiss1999,
  author = {{L. B.} Kiss and J. S{\"o}derlund and {G.A.} Niklasson and {C.G.}
	Granqvist},
  title = {New approach to the origin of lognormal size distributions of nanoparticles},
  journal = {Nanotechnology},
  year = {1999},
  volume = {10},
  pages = {25--28},
  owner = {biederer},
  timestamp = {2007.12.12}
}

@CONFERENCE{Knopp2008c,
  author = {T. Knopp and S. Biederer and T. Sattel and {T. M.} Buzug},
  title = {Singular value analysis for magnetic particle imaging},
  booktitle = {Proc. IEEE Nuc. Sci. Symp. Med. Im. Conf.},
  year = {2008},
  pages = {4525--4529}
}

@ARTICLE{Knopp2008b,
  author = {T. Knopp and S. Biederer and T. Sattel and J. Weizenecker and B.
	Gleich and J. Borgert and {T. M.} Buzug},
  title = {Trajectory Analysis for Magnetic Particle Imaging},
  journal = {Phys. Med. Biol.},
  year = {2009},
  volume = {54},
  pages = {385--397},
  number = {2},
  month = {Jan.},
  owner = {knopp},
  timestamp = {2007.12.12}
}

@INPROCEEDINGS{Knopp2010g,
  author = {T. Knopp and S. Biederer and {T. F.} Sattel and K. L\"udtke-Buzug
	and M. Erbe and {T. M.} Buzug},
  title = {Efficient Field-Free Line Generation for Magnetic Particle Imaging},
  booktitle = {International Workshop on Magnetic Particle Imaging BoA},
  year = {2010},
  volume = {1},
  pages = {26},
  keywords = {Medical Imaging, MPI, FFL},
  owner = {biederer},
  timestamp = {2010.04.01}
}

@ARTICLE{Knopp2010d,
  author = {T. Knopp and S. Biederer and {T. F.} Sattel and J. Rahmer and J.
	Weizenecker and B. Gleich and J. Borgert and {T. M.} Buzug},
  title = {{2D} Model-based reconstruction for magnetic particle imaging},
  journal = {Med. Phys.},
  year = {2010},
  volume = {37},
  pages = {485--491},
  number = {2},
  owner = {knopp},
  timestamp = {2007.12.12}
}

@INPROCEEDINGS{Knopp2010c,
  author = {T. Knopp and S. Biederer and {T. F.} Sattel and J. Weizenecker and
	B. Gleich and J. Borgert and {T. M.} Buzug},
  title = {{Rekonstruktion von Magnetic Particle Imaging Daten mittels einer
	modellierten Systemfunktion}},
  booktitle = {Bildverarbeitung für die Medizin},
  year = {2010},
  pages = {1--5},
  owner = {knopp},
  timestamp = {2009.11.07}
}

@ARTICLE{Knopp2008a,
  author = {T. Knopp and H. Eggers and H. Dahnke and J. Prestin and J. Senegas},
  title = {Iterative Off-resonance and Signal Decay Correction for Improved
	Multi-echo Imaging in {MRI}},
  journal = {IEEE Trans. Med. Imaging},
  year = {2009},
  volume = {28},
  pages = {394--404},
  number = {3},
  keywords = {Medical Imaging},
  owner = {knopp},
  timestamp = {2007.09.06}
}

@ARTICLE{Knopp2010h,
  author = {T. Knopp and M. Erbe and S. Biederer and {T. F.} Sattel and {T. M.}
	Buzug},
  title = {Efficient Generation of a Magnetic Field-Free Line},
  journal = {Med. Phys.},
  year = {2010},
  volume = {37},
  pages = {3538--3540},
  number = {7},
  owner = {knopp},
  timestamp = {2007.12.12}
}

@INPROCEEDINGS{Knopp2010f,
  author = {T. Knopp and M. Erbe and {T. F.} Sattel and S. Biederer and {T. M.}
	Buzug},
  title = {Efficient Generation of a Magnetic Field-Free Line},
  booktitle = {Proc. ISMRM},
  year = {2010},
  pages = {952},
  address = {Stockholm},
  month = {Mai},
  keywords = {Medical Imaging, MPI},
  owner = {knopp},
  timestamp = {2010.01.27}
}

@ARTICLE{Knopp2010i,
  author = {T. Knopp and M. Erbe and {T. F.} Sattel and S. Biederer and {T. M.}
	Buzug},
  title = {Generation of a static magnetic field-free line using two Maxwell
	coil pairs},
  journal = {Appl. Phys. Lett.},
  year = {2010},
  volume = {97},
  pages = {092505-1--092505-3},
  owner = {knopp},
  timestamp = {2007.12.12}
}

@ARTICLE{Knopp2007a,
  author = {T. Knopp and S. Kunis and D. Potts},
  title = {A note on the iterative {MRI} reconstruction from nonuniform k-space
	data},
  journal = {Int. J. Biomed. Imaging},
  year = {2007},
  volume = {2007},
  pages = {Article ID 24727, 9 pages},
  keywords = {Medical Imaging},
  owner = {knopp},
  timestamp = {2007.09.06}
}

@ARTICLE{Knopp2010e,
  author = {T. Knopp and J. Rahmer and {T. F.} Sattel and S. Biederer and J.
	Weizenecker and B. Gleich and J. Borgert and {T. M.} Buzug},
  title = {Weighted iterative reconstruction for magnetic particle imaging},
  journal = {Phys. Med. Biol.},
  year = {2010},
  volume = {55},
  pages = {1577--1589},
  number = {8},
  keywords = {Medical Imaging, MPI},
  owner = {knopp},
  timestamp = {2007.12.12}
}

@INPROCEEDINGS{Knopp2009b,
  author = {T. Knopp and T. Sattel and S. Biederer and J. Weizenecker and B.
	Gleich and J. Borgert and {T. M.} Buzug},
  title = {{Trajektoriendichte bei Magnetic Particle Imaging}},
  booktitle = {Bildverarbeitung für die Medizin},
  year = {2009},
  pages = {71--75},
  owner = {knopp},
  timestamp = {2009.11.07}
}

@PATENT{Knopp2009e,
  number = {EP09168383, submitted as european patent},
  year = {2009},
  author = {T. Knopp and T. F. Sattel and S. Biederer and T. M. Buzug},
  title = {Apparatus and method for generating and moving a magnetic field having
	a field free line, {EP} 09168383, submitted as european patent},
  owner = {biederer},
  timestamp = {2009.09.15}
}

@ARTICLE{Knopp2009c,
  author = {T. Knopp and {T. F.} Sattel and S. Biederer and {T. M.} Buzug},
  title = {Field-Free line formation in a magnetic field},
  journal = {J. Phys. A: Math. Theor.},
  year = {2010},
  volume = {43},
  pages = {9pp},
  number = {1},
  owner = {knopp},
  timestamp = {2007.12.12}
}

@INPROCEEDINGS{Knopp2010a,
  author = {T. Knopp and {T. F.} Sattel and S. Biederer and {T. M.} Buzug},
  title = {Limitations of Measurement-Based System Functions in Magnetic Particle
	Imaging},
  booktitle = {SPIE Medical Imaging},
  year = {2010},
  address = {San Diego},
  month = {February},
  keywords = {Medical Imaging, MPI, Model-based},
  owner = {knopp},
  timestamp = {2008.11.23}
}

@ARTICLE{Knopp2009a,
  author = {T. Knopp and {T. F.} Sattel and S. Biederer and J. Rahmer and J.
	Weizenecker and B. Gleich and J. Borgert and {T. M.} Buzug},
  title = {Model-based reconstruction for magnetic particle imaging},
  journal = {IEEE Trans. Med. Imaging},
  year = {2010},
  volume = {29},
  pages = {12--18},
  number = {1},
  owner = {knopp},
  timestamp = {2007.12.12}
}

@INPROCEEDINGS{LuedtkeBuzug2010a,
  author = {K. L\"udtke-Buzug and S. Biederer and M. Erbe and T. Knopp and {T.
	F.} Sattel and {T. M.} Buzug},
  title = {Superparamagnetic Iron Oxide Nanoparticles for Magnetic Particle
	Imaging},
  booktitle = {International Workshop on Magnetic Particle Imaging BoA},
  year = {2010},
  volume = {1},
  pages = {2},
  keywords = {Medical Imaging, MPI, Tracer},
  owner = {biederer},
  timestamp = {2010.04.01}
}

@INPROCEEDINGS{LuedtkeBuzug2008a,
  author = {K. L\"udtke-Buzug and S. Biederer and T. Sattel and T. Knopp and
	{T. M.} Buzug},
  title = {Preparation and Characterization of Dextran-Covered {Fe$_3$O$_4$}
	Nanoparticles for Magnetic Particle Imaging},
  booktitle = {4th European Conference of the International Federation for Medical
	and Biological Engineering},
  year = {2008},
  volume = {22},
  pages = {2343--2346},
  address = {Antwerpen},
  month = {November},
  keywords = {Medical Imaging, MPI},
  owner = {Biederer},
  timestamp = {2008.11.23}
}

@INPROCEEDINGS{LuedtkeBuzug2009a,
  author = {K. L\"udtke-Buzug and S. Biederer and T. F. Sattel and T. Knopp and
	T. M. Buzug},
  title = {Particle-Size Distribution of Dextran- and Carboxydextran-Coated
	Superparamagnetic Nanoparticles for Magnetic Particle Imaging},
  booktitle = {World Congress on Medical Physics and Biomedical Engineering, Springer
	IFMBE Series},
  year = {2009},
  volume = {25/VIII},
  pages = {226--229},
  address = {Munich},
  month = {September},
  keywords = {Medical Imaging, MPI, Tracer},
  owner = {Biederer},
  timestamp = {2008.11.23}
}

@INPROCEEDINGS{LuedtkeBuzug2009b,
  author = {K. L\"udtke-Buzug and S. Biederer and {T. F.} Sattel and T. Knopp
	and {T. M.} Buzug},
  title = {Synthesis and Spectroscopic Analysis of Super-Paramagnetic Nanoparticles
	for Magnetic Particle Imaging},
  booktitle = {World Molecular Imaging Congress},
  year = {2009},
  address = {Montreal},
  month = {September},
  keywords = {Medical Imaging, MPI, MPS, Tracer},
  owner = {Biederer},
  timestamp = {2008.11.23}
}

@ARTICLE{Lany2005,
  author = {M. Lany and G. Boero and {R. S.} Popovic},
  title = {Superparamagnetic microbead inductive detector},
  journal = {Rev. Sci. Instrum.},
  year = {2005},
  volume = {76},
  pages = {1--4},
  owner = {knopp},
  timestamp = {2009.11.07}
}

@ARTICLE{Lawaczeck1997,
  author = {R. Lawaczeck and H. Bauer and T. Frenzel and M. Hasegawa Y. Ito and
	K. Kito and N. Miwa and H. Tsutsui and H. Vogler and {H. J.} Weinmann},
  title = {Magnetic iron oxide particles coated with carboxydextran for parenteral
	administration and liver contrasting},
  journal = {Acta Radiol.},
  year = {1997},
  volume = {38},
  pages = {584--597},
  owner = {knopp},
  timestamp = {2007.12.12}
}

@BOOK{Liang1999,
  title = {{Principles of Magnetic Resonance Imaging}},
  publisher = {Wiley-{\rm IEEE} Press},
  year = {1999},
  author = {Z.-P. Liang and P.C. Lauterbur},
  address = {New York / London / Sydney / Toronto},
  owner = {knopp},
  timestamp = {2007.03.11}
}

@BOOK{Mueller1989,
  title = {Rauschen (Halbleiter-Elektronik)},
  publisher = {Springer},
  year = {1989},
  author = {R. M\"uller},
  address = {Berlin},
  owner = {knopp},
  timestamp = {2010.01.25}
}

@ARTICLE{Marti1979,
  author = {{J. T.} Marti},
  title = {On the convergence of the discrete {ART} algorithm for the reconstruction
	of digital pictures from their projections},
  journal = {Computing},
  year = {1979},
  volume = {21},
  pages = {105--111},
  number = {2},
  owner = {knopp},
  timestamp = {2007.12.12}
}

@BOOK{Maxwell1873,
  title = {A Treatise on Electricity and Magnetism},
  publisher = {Clarendon Press},
  year = {1873},
  author = {{J. C.} Maxwell},
  address = {Oxford},
  owner = {knopp},
  timestamp = {2009.04.23}
}

@BOOK{Maxwell1864,
  title = {A Dynamical Theory of the Electromagnetic Field},
  year = {1864},
  author = {{J. C.} Maxwell},
  owner = {knopp},
  timestamp = {2009.11.25}
}

@BOOK{Maxwell1861,
  title = {On Physical Lines of Force},
  year = {1861},
  author = {{J. C.} Maxwell},
  owner = {knopp},
  timestamp = {2009.11.25}
}

@BOOK{Mayr1993,
  title = {{Numerische Lösungsverfahren in der Praxis: FEM-BEM-FDM}},
  publisher = {Hanser},
  year = {1993},
  author = {M. Mayr and U. Thalhofer},
  address = {München},
  owner = {knopp},
  timestamp = {2010.03.11}
}

@ARTICLE{Mienkina2009,
  author = {{M. P.} Mienkina and {C.-S.} Friedrich and K. Hensel and {N. C.}
	Gerhardt and {M. R.} Hofmann and G. Schmitz},
  title = {Evaluation of Ferucarbotran ({R}esovist) as a photoacoustic contrast
	agent},
  journal = {Biomed. Eng.},
  year = {2009},
  volume = {54},
  pages = {83--88},
  owner = {knopp},
  timestamp = {2010.05.06}
}

@BOOK{Modersitzki2009,
  title = {{FAIR}: flexible algorithms for image registration},
  publisher = {SIAM},
  year = {2009},
  author = {J. Modersitzki},
  address = {Philadelphia, PA},
  owner = {knopp},
  timestamp = {2010.03.25}
}

@BOOK{Modersitzki2004a,
  title = {Numerical methods for image registration},
  publisher = {Oxford University Press},
  year = {2004},
  author = {J. Modersitzki},
  address = {Oxford},
  date-added = {2008-12-21 16:14:48 +0100},
  date-modified = {2009-10-07 09:00:58 +0200}
}

@BOOK{Morton2005,
  title = {Numerical Solution of Partial Differential Equations, An Introduction},
  publisher = {Cambridge University Press},
  year = {2005},
  author = {{K. W.} Morton and {D. F.} Mayers},
  address = {Cambridge},
  owner = {knopp},
  timestamp = {2009.07.03}
}

@ARTICLE{Neel1955a,
  author = {L. N\'eel},
  title = {Some theoretical aspects of rock-magnetism},
  journal = {Adv. Phys.},
  year = {1955},
  volume = {4},
  pages = {191--243},
  doi = {10.1080/00018735500101204},
  owner = {biederer},
  timestamp = {2009.06.30}
}

@ARTICLE{Neel1949a,
  author = {L. N\'eel},
  journal = {Ann. Geophys.},
  year = {1949},
  volume = {5},
  pages = {99},
  owner = {biederer},
  timestamp = {2009.06.30}
}

@ARTICLE{Nelder1965,
  author = {{J.A.} Nelder and R. Mead},
  title = {A Simplex Method for Function Minimization},
  journal = {Computer Journal},
  year = {1965},
  volume = {7},
  pages = {308--313},
  owner = {biederer},
  timestamp = {2007.12.12}
}

@ARTICLE{Nikitina2007,
  author = {{P. I.} Nikitina and {P. M.} Vetoshko and {T. I.} Ksenevich},
  title = {New type of biosensor based on magnetic nanoparticle detection},
  journal = {J. Magn. Magn. Mater.},
  year = {2007},
  volume = {311},
  pages = {445--449},
  owner = {knopp},
  timestamp = {2009.11.07}
}

@PHDTHESIS{Peeren2003,
  author = {Geran Peeren},
  title = {Stream Function Approach for Determining Optimal Surface Currents},
  school = {Eindhoven University of Technology},
  year = {2003},
  owner = {knopp},
  timestamp = {2009.07.03}
}

@ARTICLE{Potts2004a,
  author = {D. Potts and G. Steidl},
  title = {Fast Summation at Nonequispaced knots by {NFFTs}},
  journal = {SIAM J. Sci. Comput.},
  year = {2003},
  volume = {24},
  pages = {2013--2037},
  number = {6},
  owner = {knopp},
  timestamp = {2008.04.08}
}

@ARTICLE{Pruessmann1999,
  author = {{K. P.} Pruessmann and M. Weiger and {M. B.} Scheidegger and P. Boesiger},
  title = {{SENSE: Sensitivity encoding for fast MRI}},
  journal = {Magn. Reson. Med.},
  year = {1999},
  volume = {42},
  pages = {952--962},
  number = {5},
  owner = {knopp},
  timestamp = {2008.05.07}
}

@ARTICLE{Radon1917,
  author = {{J. H.} Radon},
  title = {{\"Uber die Bestimmung von Funktionen durch Ihre Integralwerte l\"angs
	gewisser Mannigfaltigkeiten}},
  journal = {Berichte der S\"achsischen Akadamie der Wissenschaft},
  year = {1917},
  volume = {69},
  pages = {262--277},
  owner = {knopp},
  timestamp = {2009.10.22}
}

@ARTICLE{Rahmer2009,
  author = {J. Rahmer and J. Weizenecker and B. Gleich and J. Borgert},
  title = {Signal encoding in magnetic particle imaging},
  journal = {BMC Med. Imaging},
  year = {2009},
  volume = {9},
  owner = {knopp},
  timestamp = {2007.12.12}
}

@ARTICLE{Rauwerdink2010a,
  author = {{A. M.} Rauwerdink and {J. B.} Weaver},
  title = {Measurement of molecular binding using the Brownian motion of magnetic
	nanoparticle probes},
  journal = {Appl. Phys. Lett.},
  year = {2010},
  volume = {96},
  pages = {3pp},
  owner = {knopp},
  timestamp = {2010.02.24}
}

@ARTICLE{Rauwerdink2010b,
  author = {{A. M.} Rauwerdink and {J. B.} Weaver},
  title = {Viscous effects on nanoparticle magnetization harmonics},
  journal = {J. Magn. Magn. Mater.},
  year = {2010},
  volume = {322},
  pages = {609--613},
  number = {6},
  owner = {knopp},
  timestamp = {2010.02.24}
}

@ARTICLE{Rauwerdink2009a,
  author = {{A. M.} Rauwerdink and {J. B.} Weaver},
  title = {Nanoparticle temperature estimation in combined {AC} and {DC} magnetic
	fields},
  journal = {Phys. Med. Biol.},
  year = {2009},
  volume = {54},
  pages = {L51--L55},
  number = {6},
  owner = {knopp},
  timestamp = {2010.02.24}
}

@BOOK{Roach1982,
  title = {{Green}'s Functions},
  publisher = {Cambridge University Press},
  year = {1982},
  author = {{G. F.} Roach},
  address = {Cambridge},
  edition = {second},
  owner = {knopp},
  timestamp = {2010.03.11}
}

@ARTICLE{Rodriguez2005,
  author = {G. Rodriguez and D. Theis},
  title = {An algorithm estimating the optimal regularization parameter by the
	{L}-Curve},
  journal = {Rendiconti di Matematica, Serie VII},
  year = {2005},
  volume = {25},
  pages = {69 --84},
  owner = {knopp},
  timestamp = {2008.04.08}
}

@ARTICLE{Rueckert1999a,
  author = {D. Rueckert and {L. I.} Sonoda and C. Hayes and {D. L. G.} Hill and
	{D. J.} Hawkes},
  title = {Non-rigid registration using free-form deformations: {A}pplication
	to breast {MR} images},
  journal = {IEEE Trans. Med. Imaging},
  year = {1999},
  volume = {16},
  pages = {581-590},
  number = {5},
  date-added = {2009-03-31 14:26:54 +0200},
  date-modified = {2009-10-01 15:15:51 +0200}
}

@INPROCEEDINGS{Ruhland2009a,
  author = {B. Ruhland and K. Baumann and T. Knopp and {T. F.} Sattel and S.
	Biederer and K. L\"udtke-Buzug and {T. M.} Buzug and K. Diedrich
	and D. Finas},
  title = {Magnetic Particle Imaging with Superparamagnetic Nanoparticles for
	sentinel lymph node detection in breast cancer},
  booktitle = {XXI. Akademische Tagung deutschsprechender Hochschullehrer in der
	Gynäkologie und Geburtshilfe},
  year = {2009},
  volume = {69},
  pages = {758},
  address = {Innsbruck},
  month = {September},
  keywords = {Medical Imaging, MPI, SELMA},
  owner = {biederer},
  timestamp = {2009.07.07}
}

@ARTICLE{Roeschmann1987,
  author = {P. R{\"o}schmann},
  title = {Radiofrequency penetration and absorption in the human body: limitations
	to high-field whole-body nuclear magnetic resonance imaging.},
  journal = {Med. Phys.},
  year = {1987},
  volume = {14},
  pages = {922 -- 31},
  number = {6},
  month = {Nov-Dec},
  owner = {knopp},
  timestamp = {2008.04.08}
}

@INPROCEEDINGS{Sattel2009b,
  author = {T. F. Sattel and S. Biederer and T. Knopp and K. L\"udtke-Buzug and
	B. Gleich and J. Weizenecker and J. Borgert and T. M. Buzug},
  title = {Single-Sided Coil Configuration for Magnetic Particle Imaging},
  booktitle = {World Congress on Medical Physics and Biomedical Engineering, Springer
	IFMBE Series},
  year = {2009},
  volume = {25/VII},
  pages = {281--284},
  address = {Munich},
  month = {September},
  keywords = {Medical Imaging, MPI, Single Sided},
  owner = {Biederer},
  timestamp = {2008.11.23}
}

@INPROCEEDINGS{Sattel2009c,
  author = {T. F. Sattel and S. Biederer and T. Knopp and K. Lüdtke-Buzug and
	B. Gleich and J. Borgert and T. M. Buzug},
  title = {Hand-Held Concept of a Magnetic Particle Imaging Device},
  booktitle = {World Molecular Imaging Congress},
  year = {2009},
  address = {Montreal},
  month = {September},
  keywords = {Medical Imaging, MPI, Single Sided},
  owner = {Biederer},
  timestamp = {2008.11.23}
}

@INPROCEEDINGS{Sattel2010b,
  author = {{T. F.} Sattel and S. Biederer and T. Knopp and {T. M.} Buzug},
  title = {Magnetic Field Generation For Multi-Dimensional Single-Sided Magnetic
	Particle Imaging},
  booktitle = {Proc. ISMRM},
  year = {2010},
  pages = {3297},
  address = {Stockholm},
  month = {Mai},
  keywords = {Medical Imaging, MPI, Single Sided},
  owner = {biederer},
  timestamp = {2010.04.01}
}

@INPROCEEDINGS{Sattel2010a,
  author = {{T. F.} Sattel and T. Knopp and S. Biederer and {T. M.} Buzug},
  title = {Open Coil Arrangement for Interventional Magnetic Particle Imagin},
  booktitle = {Proc. ISMRM},
  year = {2010},
  pages = {945},
  address = {Stockholm},
  month = {Mai},
  keywords = {Medical Imaging, MPI},
  owner = {biederer},
  timestamp = {2010.04.01}
}

@INPROCEEDINGS{Sattel2010c,
  author = {{T. F.} Sattel and T. Knopp and S. Biederer and M. Erbe and K. L\"udtke-Buzug
	and {T. M.} Buzug},
  title = {Resolution Distribution in Single-Sided Magnetic Particle Imaging},
  booktitle = {International Workshop on Magnetic Particle Imaging BoA},
  year = {2010},
  volume = {1},
  pages = {24},
  keywords = {Medical Imaging, MPI, Single Sided},
  owner = {biederer},
  timestamp = {2010.04.01}
}

@ARTICLE{Sattel2008,
  author = {{T. F.} Sattel and T. Knopp and S. Biederer and B. Gleich and J.
	Weizenecker and J. Borgert and {T. M.} Buzug},
  title = {Single-Sided Device for Magnetic Particle Imaging},
  journal = {J. Phys. D: Appl. Phys.},
  year = {2009},
  volume = {42},
  pages = {1--5},
  number = {1},
  keywords = {Medical Imaging},
  owner = {knopp},
  timestamp = {2008.01.20}
}

@ARTICLE{Saunders1995,
  author = {{M. A.} Saunders},
  title = {Solution of sparse rectangular systems using {LSQR} and {CRAIG}},
  journal = {BIT},
  year = {1995},
  volume = {35},
  pages = {588--604},
  number = {2},
  address = {Amsterdam, The Netherlands, The Netherlands},
  issn = {0377-0427},
  owner = {knopp},
  publisher = {Elsevier Science Publishers B. V.},
  timestamp = {2008.04.08}
}

@INPROCEEDINGS{Schmale2009a,
  author = {I. Schmale and B. Gleich and J. Kanzenbach and J. Rahmer and J. Schmidt
	and J. Weizenecker and J. Borgert},
  title = {An Introduction to the Hardware of Magnetic Particle Imaging},
  booktitle = {World Congress on Medical Physics and Biomedical Engineering, Springer
	IFMBE Series},
  year = {2009},
  number = {25/II},
  pages = {450-453},
  address = {Munich},
  month = {September},
  keywords = {Medical Imaging, MPI, MPS, Tracer},
  owner = {Biederer},
  timestamp = {2008.11.23}
}

@ARTICLE{Schmidt2008,
  author = {K. Schmidt and O. Sterz and R. Hiptmair},
  title = {Estimating the Eddy-Current Modeling Error},
  journal = {IEEE Trans. Magn.},
  year = {2008},
  volume = {44},
  pages = {686--689},
  number = {6},
  owner = {knopp},
  timestamp = {2010.04.06}
}

@ARTICLE{Sc99,
  author = {H. Schomberg},
  title = {{Off-resonance correction of MR images}},
  journal = {IEEE Trans. Med. Imaging},
  year = {1999},
  volume = {18},
  pages = {481--495},
  owner = {knopp},
  timestamp = {2009.10.22}
}

@BOOK{Schwarz2004,
  title = {{Numerische Mathematik}},
  publisher = {Teubner},
  year = {2004},
  author = {{H. R.} Schwarz and N. Köckler},
  address = {Wiesbaden},
  optedition = {5. Auflage},
  owner = {knopp},
  timestamp = {2007.03.11}
}

@ARTICLE{Smith1987,
  author = {N. Smith},
  title = {{Reciprocity Principles for Magnetic Recording Theory}},
  journal = {IEEE Trans. Magn.},
  year = {1987},
  volume = {23},
  pages = {1995--2002},
  owner = {biederer},
  timestamp = {2009.03.20}
}

@ARTICLE{Sutton2003,
  author = {Sutton, B. P. and Noll, D. C. and Fessler, J. A.},
  title = {Fast, iterative image reconstruction for {MRI} in the presence of
	field inhomogeneities},
  journal = {IEEE Trans. Med. Imaging},
  year = {2003},
  volume = {22},
  pages = {178--188},
  doi = {10.1109/TMI.2002.808360},
  owner = {knopp},
  timestamp = {2007.03.11}
}

@ARTICLE{Tikhonov1963a,
  author = {A. Tikhonov},
  title = {Solution of incorrectly formulated problems and the regularization
	method},
  journal = {Soviet Math. Dokl.},
  year = {1963},
  volume = {4},
  pages = {1036--1038},
  owner = {knopp},
  timestamp = {2008.04.08}
}

@ARTICLE{Tikhonov1963b,
  author = {A. Tikhonov},
  title = {Regularization of incorrectly posed problems},
  journal = {Soviet Math. Dokl.},
  year = {1963},
  volume = {4},
  pages = {1624--1627},
  owner = {knopp},
  timestamp = {2008.04.08}
}

@ARTICLE{Trummer1981,
  author = {{M. R.} Trummer},
  title = {Reconstructing pictures from projections: On the convergence of the
	{ART} algorithm with relaxation},
  journal = {Computing},
  year = {1981},
  volume = {26},
  pages = {189--195},
  number = {3},
  owner = {knopp},
  timestamp = {2007.12.12}
}

@ARTICLE{Veronesi2003,
  author = {U. Veronesi and G. Paganelli and G. Viale and A. Luini and S. Zurrida
	and V. Galimberti and M. Intra and P. Veronesi and C. Robertson and
	P. Maisonneuve and G. Renne and C. {De Cicco} and F. {De Lucia} and
	R. Gennai},
  title = {A Randomized comparison of sentinel-node biopsy with routine axillary
	dissection in breast cancer},
  journal = {N. Engl. J. Med.},
  year = {2003},
  volume = {349},
  pages = {546--553},
  number = {6},
  month = {Aug.},
  owner = {knopp},
  timestamp = {2007.12.12}
}

@INPROCEEDINGS{Vogt2010a,
  author = {{F. M.} Vogt and J. Barkhausen and S. Biederer and {T. F.} Sattel
	T. Knopp and K. L\"udtke-Buzug and {T. M.} Buzug},
  title = {Current Iron Oxide Nanoparticles - Impact on MRI and MPI},
  booktitle = {International Workshop on Magnetic Particle Imaging BoA},
  year = {2010},
  volume = {1},
  pages = {12},
  keywords = {Medical Imaging, MPI, MPS, Tracer},
  owner = {biederer},
  timestamp = {2010.04.01}
}

@ARTICLE{Weaver2009,
  author = {{J. B.} Weaver and {A. M.} Rauwerdink and {E.W.} Hansen},
  title = {Magnetic nanoparticle temperature estimation},
  journal = {Med. Phys.},
  year = {2009},
  volume = {36},
  pages = {1822--1829},
  number = {5},
  keywords = {biomedical optical imaging; magnetic particles; nanobiotechnology;
	nanoparticles},
  owner = {knopp},
  publisher = {AAPM},
  timestamp = {2009.07.06}
}

@ARTICLE{Weaver2008,
  author = {{J. B.} Weaver and {A. M.} Rauwerdink and {C. R.} Sullivan and I.
	Baker},
  title = {Frequency distribution of the nanoparticle magnetization in the presence
	of a static as well as a harmonic magnetic field},
  journal = {Med. Phys.},
  year = {2008},
  volume = {35},
  pages = {1988-1994},
  number = {5},
  keywords = {biomedical optical imaging; magnetic particles; nanobiotechnology;
	nanoparticles},
  publisher = {AAPM}
}

@ARTICLE{Weizenecker2007,
  author = {J. Weizenecker and J. Borgert and B. Gleich},
  title = {A simulation study on the resolution and sensitivity of magnetic
	particle imaging},
  journal = {Phys. Med. Biol.},
  year = {2007},
  volume = {52},
  pages = {6363--6374},
  number = {21},
  owner = {knopp},
  timestamp = {2007.12.12}
}

@ARTICLE{Weizenecker2008,
  author = {J. Weizenecker and B. Gleich and J. Borgert},
  title = {Magnetic particle imaging using a field free line},
  journal = {J. Phys. D: Appl. Phys.},
  year = {2008},
  volume = {41},
  pages = {3pp},
  number = {10},
  abstract = {This paper presents a simulation study on the use of a field free
	line in magnetic particle imaging. A major improvement in the image
	quality is demonstrated. The reason for this image quality improvement
	is discussed, and routes for the technical implementation of the
	effect are sketched.},
  owner = {sattel},
  timestamp = {2008.08.11}
}

@ARTICLE{Weizenecker2009,
  author = {J. Weizenecker and B. Gleich and J. Rahmer and H. Dahnke and J. Borgert},
  title = {Three-dimensional real-time in vivo magnetic particle imaging},
  journal = {Phys. Med. Biol.},
  year = {2009},
  volume = {54},
  pages = {L1-L10},
  number = {5},
  owner = {knopp},
  timestamp = {2007.12.12}
}

@BOOK{Wiener1949,
  title = {Extrapolation, Interpolation, and Smoothing of stationary time series},
  publisher = {The MIT Press},
  year = {1949},
  author = {N. Wiener},
  address = {Cambridge},
  owner = {knopp},
  timestamp = {2009.10.22}
}

@ARTICLE{Ying2004,
  author = {L. Ying and G. Biros and D. Zorin},
  title = {A kernel-independent adaptive fast multipole algorithm in two and
	three dimensions},
  journal = {J. Comput. Phys.},
  year = {2004},
  volume = {196},
  pages = {591--626},
  number = {2},
  month = {May.},
  owner = {knopp},
  timestamp = {2008.04.08}
}

@ARTICLE{Yoshida2010,
  author = {T. Yoshida and K. Ogawa and K. Enpuku and N. Usuki and H. Kanzaki},
  title = {{AC} Susceptibility of Magnetic Fluid in Nonlinear Brownian Relaxation
	Region: Experiment and Comparison with Numerical Simulation},
  journal = {Jpn. J. Appl. Phys.},
  year = {2010},
  volume = {49},
  pages = {053001},
  owner = {knopp},
  timestamp = {2010.11.10}
}

@BOOK{Buzug2010,
  title = {Magnetic Nanoparticles: Particle Science, Imaging Technology, and
	Clinical Applications},
  publisher = {World Scientific Publishing Company},
  year = {2010},
  editor = {{T. M.} Buzug and J. Borgert and T. Knopp and S. Biederer and {T.
	F.} Sattel and M. Erbe and K. L\"udtke-Buzug},
  owner = {knopp},
  timestamp = {2010.09.02}
}

@BOOK{Landolt1977,
  title = {Numerical Data and Functional Relationships in Science and Technology},
  publisher = {Springer},
  year = {1977},
  editor = {H. Landolt and R. B{\"o}rnstein},
  volume = {III/4b Magnetic Oxides and Related Compounds},
  address = {Berlin},
  owner = {sattel},
  timestamp = {2008.07.15}
}

@STANDARD{IEEE2002,
  title = {{IEEE} Standard C95.3-2002: {R}ecommended practice for measurements
	and computations of radio frequency electromagnetic fields with respect
	to human exposure to such fields,100 {kHz}--300 {GHz}},
  organization = {{IEEE}},
  number = {Std C95.3-2002},
  month = {2002},
  owner = {knopp},
  timestamp = {2009.12.06}
}

@STANDARD{FDA2003,
  title = {{FDA} Guideline: Criteria for Signicant Risk Investigations of Magnetic
	Resonance Diagnostic Devices},
  organization = {{FDA}},
  year = {2003},
  owner = {knopp},
  timestamp = {2009.12.06}
}

@STANDARD{IEC2002,
  title = {{ISO} Standard {IEC} 60601-2-33: Medical Electrical Equipment and
	Particular Requirements for the Safety of Magnetic Resonance Equipments
	for Medical Diagnosis and x51 Protection Against Hazardous Output},
  organization = {{IEC}},
  number = {60601-2-33},
  year = {2002},
  owner = {knopp},
  timestamp = {2009.12.06}
}

